@article{Abbondanzieri2005Direct,
	author = {Abbondanzieri, Elio A and Greenleaf, William J and Shaevitz, Joshua W and Landick, Robert and Block, Steven M},
	booktitle = {Nature},
	doi = {10.1038/nature04268},
	issn = {0028-0836},
	journal = {Nature},
	month = 11,
	number = 7067,
	pages = {460-465},
	title = {Direct observation of base-pair stepping by RNA polymerase},
	url = {http://www.nature.com/doifinder/10.1038/nature04268},
	volume = 438,
	year = 2005
}

@article{Perna2017Integrating,
	author = {Perna, Fabiana and Berman, Samuel H. and Soni, Rajesh K. and Mansilla-Soto, Jorge and Eyquem, Justin and Hamieh, Mohamad and Hendrickson, Ronald C. and Brennan, Cameron W. and Sadelain, Michel},
	booktitle = {Cancer Cell},
	doi = {10.1016/j.ccell.2017.09.004},
	issn = 15356108,
	journal = {Cancer Cell},
	month = 10,
	number = 4,
	pages = {506-519.e5},
	title = {Integrating Proteomics and Transcriptomics for Systematic Combinatorial Chimeric Antigen Receptor Therapy of AML},
	url = {http://linkinghub.elsevier.com/retrieve/pii/S1535610817304087},
	volume = 32,
	year = 2017
}
